<record><leader>00000cas a2200000 i 4500</leader><controlfield tag="001">13213864</controlfield><controlfield tag="008">860228d19271989inudn ne      0    0eng c</controlfield><datafield ind1=" " ind2=" " tag="010"><subfield code="a">sn 86058328 </subfield></datafield><datafield ind1=" " ind2=" " tag="040"><subfield code="a">NPI</subfield><subfield code="b">eng</subfield><subfield code="e">rda</subfield><subfield code="c">NPI</subfield><subfield code="d">CRL</subfield><subfield code="d">OCLCQ</subfield><subfield code="d">OCLCF</subfield><subfield code="d">IUL</subfield></datafield><datafield ind1=" " ind2=" " tag="042"><subfield code="a">pcc</subfield></datafield><datafield ind1=" " ind2=" " tag="043"><subfield code="a">n-us-in</subfield></datafield><datafield ind1="0" ind2="4" tag="245"><subfield code="a">The Vidette-messenger.</subfield></datafield><datafield ind1=" " ind2="1" tag="264"><subfield code="a">Valparaiso, Ind. :</subfield><subfield code="b">Vidette Print. Co.,</subfield><subfield code="c">1927-1989.</subfield></datafield><datafield ind1=" " ind2=" " tag="300"><subfield code="a">63 volumes :</subfield><subfield code="b">illustrations ;</subfield><subfield code="c">58-61 cm</subfield></datafield><datafield ind1=" " ind2=" " tag="310"><subfield code="a">Daily (except Sunday)</subfield></datafield><datafield ind1=" " ind2=" " tag="336"><subfield code="a">text</subfield><subfield code="b">txt</subfield><subfield code="2">rdacontent</subfield></datafield><datafield ind1=" " ind2=" " tag="337"><subfield code="a">unmediated</subfield><subfield code="b">n</subfield><subfield code="2">rdamedia</subfield></datafield><datafield ind1=" " ind2=" " tag="338"><subfield code="a">volume</subfield><subfield code="b">nc</subfield><subfield code="2">rdacarrier</subfield></datafield><datafield ind1="0" ind2=" " tag="362"><subfield code="a">Volume 1 (July 5, 1927)-v. 63, no 82 (Oct. 10, 1989).</subfield></datafield><datafield ind1=" " ind2=" " tag="500"><subfield code="a">"Independent Republican."</subfield></datafield><datafield ind1=" " ind2=" " tag="500"><subfield code="a">Title from masthead.</subfield></datafield><datafield ind1=" " ind2=" " tag="515"><subfield code="a">Initially issues carry a volume but no issue number designation.</subfield></datafield><datafield ind1=" " ind2="0" tag="651"><subfield code="a">Valparaiso (Ind.)</subfield><subfield code="v">Newspapers.</subfield></datafield><datafield ind1=" " ind2="0" tag="651"><subfield code="a">Porter County (Ind.)</subfield><subfield code="v">Newspapers.</subfield></datafield><datafield ind1=" " ind2="7" tag="651"><subfield code="a">Indiana</subfield><subfield code="z">Porter County.</subfield><subfield code="2">fast</subfield><subfield code="0">(OCoLC)fst01215718</subfield></datafield><datafield ind1=" " ind2="7" tag="651"><subfield code="a">Indiana</subfield><subfield code="z">Valparaiso.</subfield><subfield code="2">fast</subfield><subfield code="0">(OCoLC)fst01210544</subfield></datafield><datafield ind1=" " ind2="7" tag="655"><subfield code="a">Newspapers.</subfield><subfield code="2">fast</subfield><subfield code="0">(OCoLC)fst01423814</subfield></datafield><datafield ind1=" " ind2=" " tag="752"><subfield code="a">United States</subfield><subfield code="b">Indiana</subfield><subfield code="c">Porter</subfield><subfield code="d">Valparaiso.</subfield></datafield><datafield ind1="0" ind2="4" tag="780"><subfield code="t">Valparaiso daily vidette (Valparaiso, Ind. : 1911)</subfield><subfield code="w">(DLC)sn 86058333</subfield><subfield code="w">(OCoLC)13213879</subfield></datafield><datafield ind1="0" ind2="4" tag="780"><subfield code="t">Evening messenger (Valparaiso, Ind.)</subfield><subfield code="w">(DLC)sn 86058327</subfield><subfield code="w">(OCoLC)13213955</subfield></datafield><datafield ind1="0" ind2="0" tag="785"><subfield code="t">Vidette-messenger of Porter County</subfield><subfield code="w">(DLC)sn 95067514</subfield><subfield code="w">(OCoLC)32928695</subfield></datafield><datafield ind1="4" ind2="1" tag="856"><subfield code="u">https://access.newspaperarchive.com/us/indiana/valparaiso/valparaiso-vidette-messenger/</subfield></datafield></record>